@misc{SHORTHAND01,
  title     = {Title},
  year      = {2021},
  author    = {Name},
  publisher = {Publ},
  url       = { https://url.com}
}

@misc{computerphile,
  author    = {{Asst. Prof. Dr. Mike Pound}},
  day       = {2},
  month     = {3},
  title     = {Running a Buffer Overflow Attack},
  publisher = {University of Nottingham, Computerphile},
  url       = {https://www.youtube.com/watch?v=1S0aBV-Waeo},
  year      = {2016}
}


